@article{Ackerman2008,
   author = {Ackerman, Drew and Stein, Eric D},
   title = {Evaluating the effectiveness of best management practices using dynamic modeling},
   journal = {Journal of Environmental Engineering},
   volume = {134},
   number = {8},
   pages = {628-639},
   ISSN = {0733-9372},
   year = {2008},
   type = {Journal Article}
}

@article{Ahiablame2012,
   author = {Ahiablame, Laurent M and Engel, Bernard A and Chaubey, Indrajeet},
   title = {Representation and evaluation of low impact development practices with L-THIA-LID: An example for site planning},
   journal = {Environment and Pollution},
   volume = {1},
   number = {2},
   pages = {1},
   ISSN = {1927-0909},
   year = {2012},
   type = {Journal Article}
}

@article{Ahiablame2013,
   author = {Ahiablame, Laurent M and Engel, Bernard A and Chaubey, Indrajeet},
   title = {Effectiveness of low impact development practices in two urbanized watersheds: Retrofitting with rain barrel/cistern and porous pavement},
   journal = {Journal of environmental management},
   volume = {119},
   pages = {151-161},
   ISSN = {0301-4797},
   year = {2013},
   type = {Journal Article}
}

@article{Berndtsson2010,
   author = {Berndtsson, Justyna Czemiel},
   title = {Green roof performance towards management of runoff water quantity and quality: A review},
   journal = {Ecological Engineering},
   volume = {36},
   number = {4},
   pages = {351-360},
   ISSN = {0925-8574},
   year = {2010},
   type = {Journal Article}
}

@article{Bicknell2001,
   author = {Bicknell, BR and Imhoff, JC and Kittle Jr, JL and Jobes, TH and Donigian Jr, AS},
   title = {Hydrological Simulation Program-FORTRAN, version 12, User’s Manual. US Environmental Protection Agency, National Exposure Research Laboratory, Athens, GA., in cooperation with US Geological Survey},
   journal = {Water Resources Division, Reston, VA},
   year = {2001},
   type = {Journal Article}
}

@article{Brooks1964,
   author = {Brooks, Royal Harvard and Corey, Arthur Thomas},
   title = {Hydraulic properties of porous media and their relation to drainage design},
   journal = {Transactions of the ASAE},
   volume = {7},
   number = {1},
   pages = {26-0028},
   year = {1964},
   type = {Journal Article}
}

@article{Brown2013,
   author = {Brown, RA and Skaggs, Richard W and Hunt, WF},
   title = {Calibration and validation of DRAINMOD to model bioretention hydrology},
   journal = {Journal of Hydrology},
   volume = {486},
   pages = {430-442},
   ISSN = {0022-1694},
   year = {2013},
   type = {Journal Article}
}

@book{Chaudhry2013,
   author = {Chaudhry, M.H.},
   title = {Applied Hydraulic Transients},
   publisher = {Springer New York},
   ISBN = {9781461485384},
   url = {https://books.google.com/books?id=XU64AQAAQBAJ},
   year = {2013},
   type = {Book}
}

@book{Chow2013,
   author = {Chow, V. and Maidment, D. and Mays, L.},
   title = {Applied Hydrology, 2nd Edition},
   publisher = {McGraw-Hill Companies,Incorporated},
   ISBN = {9780071743914},
   url = {https://books.google.com/books?id=cAKXkgEACAAJ},
   year = {2013},
   type = {Book}
}

@article{Comings2000,
   author = {Comings, Karen J and Booth, Derek B and Horner, Richard R},
   title = {Storm water pollutant removal by two wet ponds in Bellevue, Washington},
   journal = {Journal of Environmental Engineering},
   volume = {126},
   number = {4},
   pages = {321-330},
   ISSN = {0733-9372},
   year = {2000},
   type = {Journal Article}
}

@article{Dickson2011,
   author = {Dickson, David W and Chadwick, Cary B and Arnold, Chester L},
   title = {National LID Atlas: A collaborative online database of innovative stormwater management practices},
   journal = {Marine Technology Society Journal},
   volume = {45},
   number = {2},
   pages = {59-64},
   ISSN = {0025-3324},
   year = {2011},
   type = {Journal Article}
}

@techreport{Dumouchelle2014,
   author = {Dumouchelle, Denise H and Darner, Robert A},
   title = {Visualization of soil-moisture change in response to precipitation within two rain gardens in Ohio},
   institution = {US Geological Survey},
   number = {2327-638X},
   year = {2014},
   type = {Report}
}

@article{Dussaillant2005,
   author = {Dussaillant, AR and Cuevas, A and Potter, KW},
   title = {Raingardens for stormwater infiltration and focused groundwater recharge: Simulations for different world climates},
   journal = {Water Science and Technology: Water Supply},
   volume = {5},
   number = {3-4},
   pages = {173-179},
   ISSN = {1606-9749},
   year = {2005},
   type = {Journal Article}
}

@article{Dussaillant2004,
   author = {Dussaillant, Alejandro R and Wu, Chin H and Potter, Kenneth W},
   title = {Richards equation model of a rain garden},
   journal = {Journal of Hydrologic Engineering},
   volume = {9},
   number = {3},
   pages = {219-225},
   ISSN = {1084-0699},
   year = {2004},
   type = {Journal Article}
}

@article{Elliott2007, 
   author = {Elliott, AH and Trowsdale, SA},
   title = {A review of models for low impact urban stormwater drainage},
   journal = {Environmental modelling & software},
   volume = {22},
   number = {3},
   pages = {394-405},
   ISSN = {1364-8152},
   year = {2007},
   type = {Journal Article}
}

@book{Gamerman2006, 
   author = {Gamerman, D. and Lopes, H.F.},
   title = {Markov Chain Monte Carlo: Stochastic Simulation for Bayesian Inference, Second Edition},
   publisher = {Taylor & Francis},
   ISBN = {9781584885870},
   url = {https://books.google.com/books?id=yPvECi_L3bwC},
   year = {2006},
   type = {Book}
}

@article{Green1911, 
   author = {Green, W Heber and Ampt, GA},
   title = {Studies on Soil Phyics},
   journal = {The Journal of Agricultural Science},
   volume = {4},
   number = {01},
   pages = {1-24},
   ISSN = {1469-5146},
   year = {1911},
   type = {Journal Article}
}

@article{He2010, 
   author = {He, Zhuangxiang and Davis, Allen P},
   title = {Process modeling of storm-water flow in a bioretention cell},
   journal = {Journal of Irrigation and Drainage Engineering},
   volume = {137},
   number = {3},
   pages = {121-131},
   ISSN = {0733-9437},
   year = {2010},
   type = {Journal Article}
}

@article{Hilten2008, 
   author = {Hilten, Roger Norris and Lawrence, Thomas Mark and Tollner, Earnest William},
   title = {Modeling stormwater runoff from green roofs with HYDRUS-1D},
   journal = {Journal of Hydrology},
   volume = {358},
   number = {3},
   pages = {288-293},
   ISSN = {0022-1694},
   year = {2008},
   type = {Journal Article}
}

@article{Hunt2006, 
   author = {Hunt, WF and Jarrett, AR and Smith, JT and Sharkey, LJ},
   title = {Evaluating bioretention hydrology and nutrient removal at three field sites in North Carolina},
   journal = {Journal of Irrigation and Drainage Engineering},
   volume = {132},
   number = {6},
   pages = {600-608},
   ISSN = {0733-9437},
   year = {2006},
   type = {Journal Article}
}

@article{Krebs2014, 
   author = {Krebs, G and Kokkonen, T and Valtanen, M and Setälä, H and Koivusalo, H},
   title = {Spatial resolution considerations for urban hydrological modelling},
   journal = {Journal of Hydrology},
   volume = {512},
   pages = {482-497},
   ISSN = {0022-1694},
   year = {2014},
   type = {Journal Article}
}

@article{Lee2014, 
   author = {Lee, Joong Gwang and Borst, Michael and Brown, Robert A and Rossman, Lewis and Simon, Michelle A},
   title = {Modeling the hydrologic processes of a permeable pavement system},
   journal = {Journal of Hydrologic Engineering},
   volume = {20},
   number = {5},
   pages = {04014070},
   ISSN = {1084-0699},
   year = {2014},
   type = {Journal Article}
}

@article{Li2014, 
   author = {Li, Yanling and Babcock Jr, Roger W},
   title = {Green roof hydrologic performance and modeling: a review},
   journal = {Water Science & Technology},
   volume = {69},
   number = {4},
   ISSN = {0273-1223},
   year = {2014},
   type = {Journal Article}
}

@inproceedings{Liu2015,
   author = {Liu, Jiang and Lucas, William and Chan, Irene and She, Nian and Wu, Lingyi},
   title = {Innovative Design of the LID Facilities of Congdu Ecological Grange},
   booktitle = {International Low Impact Development Conference 2015@ sLID: It Works in All Climates and Soils},
   publisher = {ASCE},
   pages = {331-341},
   type = {Conference Proceedings}
}

@article{Liu2014, 
   author = {Liu, Jia and Sample, David J and Bell, Cameron and Guan, Yuntao},
   title = {Review and research needs of bioretention used for the treatment of urban stormwater},
   journal = {Water},
   volume = {6},
   number = {4},
   pages = {1069-1099},
   year = {2014},
   type = {Journal Article}
}

@article{Massoudieh2007, 
   author = {Massoudieh, Arash and Ginn, Timothy R},
   title = {Modeling colloid-facilitated transport of multi-species contaminants in unsaturated porous media},
   journal = {Journal of contaminant hydrology},
   volume = {92},
   number = {3},
   pages = {162-183},
   ISSN = {0169-7722},
   year = {2007},
   type = {Journal Article}
}

@article{Massoudieh2008, 
   author = {Massoudieh, Arash and Ginn, Timothy R},
   title = {Modeling colloid-enhanced contaminant transport in stormwater infiltration basin best management practices},
   journal = {Vadose Zone Journal},
   volume = {7},
   number = {4},
   pages = {1261-1268},
   ISSN = {1539-1663},
   year = {2008},
   type = {Journal Article}
}

@article{Massoudieh2010, 
   author = {Massoudieh, Arash and Ginn, Timothy R},
   title = {Colloid-facilitated contaminant transport in unsaturated porous media},
   journal = {Modelling of pollutants in complex environmental systems},
   volume = {2},
   pages = {263-292},
   year = {2010},
   type = {Journal Article}
}

@article{Massoudieh2008, 
   author = {Massoudieh, Arash and Mathew, Ann and Ginn, Timothy R},
   title = {Column and batch reactive transport experiment parameter estimation using a genetic algorithm},
   journal = {Computers & Geosciences},
   volume = {34},
   number = {1},
   pages = {24-34},
   ISSN = {0098-3004},
   year = {2008},
   type = {Journal Article}
}

@article{Meng2014, 
   author = {Meng, Yingying and Wang, Huixiao and Chen, Jiangang and Zhang, Shuhan},
   title = {Modelling Hydrology of a Single Bioretention System with HYDRUS-1D},
   journal = {The Scientific World Journal},
   volume = {2014},
   ISSN = {2356-6140},
   year = {2014},
   type = {Journal Article}
}

@article{Mualem1976, 
   author = {Mualem, Yechezkel},
   title = {A new model for predicting the hydraulic conductivity of unsaturated porous media},
   journal = {Water resources research},
   volume = {12},
   number = {3},
   pages = {513-522},
   ISSN = {1944-7973},
   year = {1976},
   type = {Journal Article}
}

@techreport{Neitsch2011, 
   author = {Neitsch, Susan L and Arnold, Jeffrey G and Kiniry, Jim R and Williams, Jimmy R},
   title = {Soil and water assessment tool theoretical documentation version 2009},
   institution = {Texas Water Resources Institute},
   year = {2011},
   type = {Report}
}

@inproceedings{Page2012, 
   author = {Page, JL and Winston, RJ and Hunt III, William F},
   title = {Stormwater monitoring of innovative street retrofits in urban Wilmington, NC},
   booktitle = {World Environmental and Water Resources Congress 2012: Crossing Boundaries},
   type = {Conference Proceedings}
}

@article{Palhegyi2009, 
   author = {Palhegyi, Gary E},
   title = {Modeling and sizing bioretention using flow duration control},
   journal = {Journal of Hydrologic Engineering},
   volume = {15},
   number = {6},
   pages = {417-425},
   ISSN = {1084-0699},
   year = {2009},
   type = {Journal Article}
}

@article{Passeport2009, 
   author = {Passeport, Elodie and Hunt, William F and Line, Daniel E and Smith, Ryan A and Brown, Robert A},
   title = {Field study of the ability of two grassed bioretention cells to reduce storm-water runoff pollution},
   journal = {Journal of Irrigation and Drainage Engineering},
   volume = {135},
   number = {4},
   pages = {505-510},
   ISSN = {0733-9437},
   year = {2009},
   type = {Journal Article}
}

@article{Pitt2003, 
   author = {Pitt, Robert and Voorhees, John},
   title = {The Design, Use, and Evaluation of Wet Detention Ponds for Stormwater Quality Management},
   year = {2003},
   type = {Journal Article}
}

@article{Priestley1972, 
   author = {Priestley, CHB and Taylor, RJ},
   title = {On the assessment of surface heat flux and evaporation using large-scale parameters},
   journal = {Monthly weather review},
   volume = {100},
   number = {2},
   pages = {81-92},
   ISSN = {1520-0493},
   year = {1972},
   type = {Journal Article}
}

@article{Qin2013, 
   author = {Qin, Hua-peng and Li, Zhuo-xi and Fu, Guangtao},
   title = {The effects of low impact development on urban flooding under different rainfall characteristics},
   journal = {Journal of environmental management},
   volume = {129},
   pages = {577-585},
   ISSN = {0301-4797},
   year = {2013},
   type = {Journal Article}
}

@techreport{Rossman2015, 
   author = {Rossman, L.},
   title = {Stormwater Management Reference Manual},
   institution = {USEPA},
   year = {2015},
   type = {Report}
}

@article{Rossman2004, 
   author = {Rossman, Lewis a},
   title = {Storm Water Management Model User's Manual Version 5.0},
   number = {November},
   pages = {245-245},
   year = {2004},
   type = {Journal Article}
}

@book{Russell2006, 
   author = {Russell, D.L.},
   title = {Practical Wastewater Treatment},
   publisher = {Wiley},
   ISBN = {9780470067918},
   url = {https://books.google.com/books?id=_5kmaRYpi80C},
   year = {2006},
   type = {Book}
}

@article{Simunek2008, 
   author = {Šimůnek, Jirí and van Genuchten, Martinus Th and Šejna, Miroslav},
   title = {Development and applications of the HYDRUS and STANMOD software packages and related codes},
   journal = {Vadose Zone Journal},
   volume = {7},
   number = {2},
   pages = {587-600},
   ISSN = {1539-1663},
   year = {2008},
   type = {Journal Article}
}

@article{Skaggs1990, 
   author = {Skaggs, RW},
   title = {DRAINMOD user's manual},
   journal = {Raleigh: North Carolina State University},
   year = {1990},
   type = {Journal Article}
}

@article{VanGenuchten1980, 
   author = {Van Genuchten, M Th},
   title = {A closed-form equation for predicting the hydraulic conductivity of unsaturated soils},
   journal = {Soil science society of America journal},
   volume = {44},
   number = {5},
   pages = {892-898},
   ISSN = {0361-5995},
   year = {1980},
   type = {Journal Article}
}

@inproceedings{Walter2000, 
   author = {Walter, Ivan A and Allen, Richard G and Elliott, Ronald and Jensen, ME and Itenfisu, D and Mecham, B and Howell, TA and Snyder, R and Brown, P and Echings, S},
   title = {ASCE’s standardized reference evapotranspiration equation},
   booktitle = {Proc. of the Watershed Management 2000 Conference, June},
   type = {Conference Proceedings}
}

@article{carsel1988, 
  title={Developing joint probability distributions of soil water retention characteristics},
  author={Carsel, Robert F and Parrish, Rudolph S},
  journal={Water Resources Research},
  volume={24},
  number={5},
  pages={755--769},
  year={1988},
  publisher={Wiley Online Library}
}

@article{oconnor1956,
  title={The mechanics of reaeration in natural streams},
  author={O'Connor, Donald J and Dobbins, William E},
  journal={Journal of the Sanitary Engineering Division},
  volume={82},
  number={6},
  pages={1--30},
  year={1956},
  publisher={ASCE}
}

@techreport{streeter1958,
  title={A study of the pollution and natural purification of the Ohio River},
  author={Streeter, Harold Warner and Phelps, Earle B},
  year={1958},
  institution={US Department of Health, Education, \& Welfare}
}

@article{churchill1964,
  title={The prediction of stream reaeration rates},
  author={Churchill, MA and Elmore, HL and Buckingham, RA},
  journal={Advances in Water Pollution Research},
  volume={1},
  pages={89},
  year={1964}
}

@article{owens1964some,
  title={Some reaeration studies in streams.},
  author={Owens, Moriais and Edwards, RW and Gibbs, JW},
  journal={Air and water pollution},
  volume={8},
  pages={469},
  year={1964}
}

@techreport{langbein1967,
  title={The aeration capacity of streams},
  author={Langbein, Walter Basil and Durum, Walton Henry},
  year={1967},
  institution={US Dept. of the Interior, Geological Survey,}
}

@article{isaacs1968,
  title={Atmospheric oxygenation in a simulated stream},
  author={Isaacs, WP and Gaudy, AF},
  journal={Journal of the Sanitary Engineering Division},
  volume={94},
  number={SA2},
  pages={319--314},
  year={1968}
}

@article {alley1981,
author = {Alley, William M. and Smith, Peter E.},
title = {Estimation of accumulation parameters for urban runoff quality modeling},
journal = {Water Resources Research},
volume = {17},
number = {6},
issn = {1944-7973},
url = {http://dx.doi.org/10.1029/WR017i006p01657},
doi = {10.1029/WR017i006p01657},
pages = {1657--1664},
keywords = {Hydrology},
year = {1981},
}

@book{kaipio2006,
  title={Statistical and computational inverse problems},
  author={Kaipio, Jari and Somersalo, Erkki},
  volume={160},
  year={2006},
  publisher={Springer Science \& Business Media}
}

@article{walsh2012,
  title={A Graphical approach to Diagnosing the Validity of the Conditional Independence assumptions of a Bayesian network given data},
  author={Walsh, Stephen and Whitney, Paul},
  journal={Journal of Computational and Graphical Statistics},
  volume={21},
  number={4},
  pages={961--978},
  year={2012},
  publisher={Taylor \& Francis}
}

@book{montgomery2010,
  title={Applied statistics and probability for engineers},
  author={Montgomery, Douglas C and Runger, George C},
  year={2010},
  publisher={John Wiley \& Sons}
}

@book{gamerman2006,
  title={Markov chain Monte Carlo: stochastic simulation for Bayesian inference},
  author={Gamerman, Dani and Lopes, Hedibert F},
  year={2006},
  publisher={CRC Press}
}

@article{metropolis1953,
  title={Equation of state calculations by fast computing machines},
  author={Metropolis, Nicholas and Rosenbluth, Arianna W and Rosenbluth, Marshall N and Teller, Augusta H and Teller, Edward},
  journal={The journal of chemical physics},
  volume={21},
  number={6},
  pages={1087--1092},
  year={1953},
  publisher={AIP Publishing}
}

@article{allen1998,
  title={Crop evapotranspiration-Guidelines for computing crop water requirements-FAO Irrigation and drainage paper 56},
  author={Allen, Richard G and Pereira, Luis S and Raes, Dirk and Smith, Martin and others},
  journal={FAO, Rome},
  volume={300},
  number={9},
  pages={D05109},
  year={1998}
}

@book{mays2010,
  title={Water resources engineering},
  author={Mays, Larry W},
  year={2010},
  publisher={John Wiley \& Sons}
}